<record><leader>00000cas a2200000 a 4500</leader><controlfield tag="001">56606016</controlfield><controlfield tag="008">040930d19491953cauwr ne      0    0eng c</controlfield><datafield ind1=" " ind2=" " tag="010"><subfield code="a">sn2004061171</subfield></datafield><datafield ind1=" " ind2=" " tag="040"><subfield code="a">CNK</subfield><subfield code="b">eng</subfield><subfield code="c">CNK</subfield><subfield code="d">OCLCQ</subfield><subfield code="d">OCLCF</subfield><subfield code="d">OCLCO</subfield></datafield><datafield ind1="1" ind2=" " tag="029"><subfield code="a">AU@</subfield><subfield code="b">000026267477</subfield></datafield><datafield ind1=" " ind2=" " tag="042"><subfield code="a">pcc</subfield></datafield><datafield ind1=" " ind2=" " tag="043"><subfield code="a">n-us-ca</subfield></datafield><datafield ind1="0" ind2=" " tag="130"><subfield code="a">Citizen (Culver City, Calif. : 1949)</subfield></datafield><datafield ind1="1" ind2="4" tag="245"><subfield code="a">The citizen.</subfield></datafield><datafield ind1="1" ind2="3" tag="246"><subfield code="a">Citizen and Cheviot chatter</subfield></datafield><datafield ind1=" " ind2=" " tag="260"><subfield code="a">Culver City, Calif. :</subfield><subfield code="b">Citizen Pub. Co.</subfield></datafield><datafield ind1=" " ind2=" " tag="300"><subfield code="a">v.</subfield></datafield><datafield ind1=" " ind2=" " tag="310"><subfield code="a">Weekly</subfield></datafield><datafield ind1="0" ind2=" " tag="362"><subfield code="a">Vol. 26, no. 32 (Mar. 11, 1949)-v. 30, no. 23 (Dec. 31, 1953).</subfield></datafield><datafield ind1=" " ind2="0" tag="651"><subfield code="a">Culver City (Calif.)</subfield><subfield code="v">Newspapers.</subfield></datafield><datafield ind1=" " ind2="7" tag="655"><subfield code="a">Newspapers.</subfield><subfield code="2">fast</subfield><subfield code="0">(OCoLC)fst01423814</subfield></datafield><datafield ind1=" " ind2="7" tag="651"><subfield code="a">California</subfield><subfield code="z">Culver City.</subfield><subfield code="2">fast</subfield><subfield code="0">(OCoLC)fst01213894</subfield></datafield><datafield ind1=" " ind2=" " tag="752"><subfield code="a">United States</subfield><subfield code="b">California</subfield><subfield code="c">Los Angeles</subfield><subfield code="d">Culver City.</subfield></datafield><datafield ind1="0" ind2="0" tag="780"><subfield code="t">Citizen and Cheviot chatter (Culver City, Calif.)</subfield><subfield code="w">(DLC)sn2004061170</subfield></datafield><datafield ind1="0" ind2="0" tag="785"><subfield code="t">Citizen and Cheviot chatter (Culver City, Calif. : 1954)</subfield><subfield code="w">(DLC)sn2004061172</subfield></datafield></record>